[gd_scene load_steps=6 format=2]

[ext_resource path="res://harmonic-godot/singletons/dialog-box/DialogBox.gd" type="Script" id=1]
[ext_resource path="res://fonts/futura-handwritten_24.tres" type="DynamicFont" id=2]
[ext_resource path="res://harmonic-godot/sprites/black-pixel.png" type="Texture" id=3]
[ext_resource path="res://harmonic-godot/sprites/100x100-circle-pixel.png" type="Texture" id=4]
[ext_resource path="res://harmonic-godot/ui-effects/GlowingCanvasItem.gd" type="Script" id=5]

[node name="DialogBox" type="CanvasLayer"]
script = ExtResource( 1 )
_rootPath = NodePath("Root")
_richTextLabelPath = NodePath("Root/Background/HBoxContainer/TextArea/RichTextLabel")
_textureRectPath = NodePath("Root/Background/HBoxContainer/Portrait")
_choiceParentPath = NodePath("Root/Background/HBoxContainer/TextArea/Choices")
_arrowPath = NodePath("Root/Background/Arrow")

[node name="Root" type="VBoxContainer" parent="."]
anchor_right = 1.0
anchor_bottom = 1.0
margin_left = 100.0
margin_top = 50.0
margin_right = -100.0
margin_bottom = -50.0
alignment = 2
__meta__ = {
"_edit_use_anchors_": false
}

[node name="Background" type="TextureRect" parent="Root"]
margin_top = 300.0
margin_right = 800.0
margin_bottom = 500.0
rect_min_size = Vector2( 800, 200 )
texture = ExtResource( 3 )
expand = true

[node name="HBoxContainer" type="HBoxContainer" parent="Root/Background"]
anchor_right = 1.0
anchor_bottom = 1.0
margin_left = 25.0
margin_top = 25.0
margin_right = -25.0
margin_bottom = -25.0
__meta__ = {
"_edit_use_anchors_": false
}

[node name="Portrait" type="TextureRect" parent="Root/Background/HBoxContainer"]
margin_right = 150.0
margin_bottom = 150.0
rect_min_size = Vector2( 150, 0 )
rect_pivot_offset = Vector2( 75, 75 )
texture = ExtResource( 4 )
stretch_mode = 4
__meta__ = {
"_edit_use_anchors_": false
}

[node name="TextArea" type="Control" parent="Root/Background/HBoxContainer"]
margin_left = 154.0
margin_right = 750.0
margin_bottom = 150.0
size_flags_horizontal = 3

[node name="RichTextLabel" type="RichTextLabel" parent="Root/Background/HBoxContainer/TextArea"]
anchor_right = 1.0
anchor_bottom = 1.0
size_flags_horizontal = 3
size_flags_vertical = 3
custom_fonts/normal_font = ExtResource( 2 )
bbcode_enabled = true
bbcode_text = "Line 1
Line 2
Line 3
Line 4
Line 5"
text = "Line 1
Line 2
Line 3
Line 4
Line 5"
scroll_active = false
__meta__ = {
"_edit_use_anchors_": false
}

[node name="Choices" type="VBoxContainer" parent="Root/Background/HBoxContainer/TextArea"]
anchor_right = 1.0
anchor_bottom = 1.0
rect_min_size = Vector2( 0, 50 )
alignment = 2
__meta__ = {
"_edit_use_anchors_": false
}

[node name="Choice1" type="RichTextLabel" parent="Root/Background/HBoxContainer/TextArea/Choices"]
margin_top = 52.0
margin_right = 596.0
margin_bottom = 82.0
rect_min_size = Vector2( 0, 30 )
custom_fonts/normal_font = ExtResource( 2 )
bbcode_enabled = true
bbcode_text = "Choice 1"
text = "Choice 1"
scroll_active = false
__meta__ = {
"_edit_use_anchors_": false
}

[node name="Choice2" type="RichTextLabel" parent="Root/Background/HBoxContainer/TextArea/Choices"]
margin_top = 86.0
margin_right = 596.0
margin_bottom = 116.0
rect_min_size = Vector2( 0, 30 )
custom_fonts/normal_font = ExtResource( 2 )
bbcode_enabled = true
bbcode_text = "Choice 2"
text = "Choice 2"
scroll_active = false
__meta__ = {
"_edit_use_anchors_": false
}

[node name="Choice3" type="RichTextLabel" parent="Root/Background/HBoxContainer/TextArea/Choices"]
margin_top = 120.0
margin_right = 596.0
margin_bottom = 150.0
rect_min_size = Vector2( 0, 30 )
custom_fonts/normal_font = ExtResource( 2 )
bbcode_enabled = true
bbcode_text = "Choice 3"
text = "Choice 3"
scroll_active = false
__meta__ = {
"_edit_use_anchors_": false
}

[node name="Arrow" type="TextureRect" parent="Root/Background"]
anchor_left = 0.5
anchor_top = 1.0
anchor_right = 0.5
anchor_bottom = 1.0
margin_left = -5.0
margin_top = -20.0
margin_right = 5.0
margin_bottom = -10.0
rect_pivot_offset = Vector2( 5, 5 )
texture = ExtResource( 4 )
expand = true
script = ExtResource( 5 )
__meta__ = {
"_edit_use_anchors_": false
}
Period = 2.0
